@article{Gonzalez2020,
author = {Gonzalez, Andrew and Germain, Rachel M. and Srivastava, Diane S. and Filotas, Elise and Dee, Laura E. and Gravel, Dominique and Thompson, Patrick L. and Isbell, Forest and Wang, Shaopeng and K{\'{e}}fi, Sonia and Montoya, Jose and Zelnik, Yuval R. and Loreau, Michel},
doi = {10.1111/ele.13456},
file = {:Users/mtalluto/work/Mendeley/Gonzalez et al.{\_}2020.pdf:pdf},
issn = {14610248},
journal = {Ecology Letters},
keywords = {Beta diversity,biological diversity,ecosystem functioning,ecosystems,environmental heterogeneity,scale,turnover},
mendeley-groups = {FLUFLUX Model},
title = {{Scaling-up biodiversity-ecosystem functioning research}},
year = {2020}
}


@article{Holt2005,
author = {Holt, Robert D. and Keitt, Timothy H. and Lewis, Mark A. and Maurer, Brian A. and Taper, Mark L.},
doi = {10.1111/j.0030-1299.2005.13147.x},
file = {:Users/mtalluto/work/Mendeley/Holt et al.{\_}2005.pdf:pdf},
issn = {00301299},
journal = {Oikos},
mendeley-groups = {FLUFLUX Model},
number = {1},
pages = {18--27},
title = {{Theoretical models of species' borders: Single species approaches}},
volume = {108},
year = {2005}
}
@article{Holt2000,
author = {Holt, Robert D. and Keitt, Timothy H.},
doi = {10.1046/j.1461-0248.2000.00116.x},
file = {:Users/mtalluto/work/Mendeley/Holt, Keitt{\_}2000.pdf:pdf},
issn = {1461023X},
journal = {Ecology Letters},
keywords = {Ecological constraints on evolutionary dynamics,Gradients,Metapopulation dynamics,Species borders},
mendeley-groups = {FLUFLUX Model},
number = {1},
pages = {41--47},
title = {{Alternative causes for range limits: A metapopulation perspective}},
volume = {3},
year = {2000}
}


@article{Hunt2009,
author = {Hunt, Julia J.F.G. and Bonsall, Michael B.},
doi = {10.1111/j.1365-2656.2009.01532.x},
file = {:Users/mtalluto/work/Mendeley/Hunt, Bonsall{\_}2009.pdf:pdf},
issn = {00218790},
journal = {Journal of Animal Ecology},
keywords = {Allee effects,Density dependence,Metacommunity,Population dynamics,Time series},
mendeley-groups = {FLUFLUX Model},
number = {4},
pages = {866--879},
title = {{The effects of colonization, extinction and competition on co-existence in metacommunities}},
volume = {78},
year = {2009}
}


@article{Levins1969,
author = {Levins, Richard},
doi = {10.1093/besa/15.3.237},
file = {:Users/mtalluto/work/Mendeley/Levins{\_}1969.pdf:pdf},
journal = {Bulletin of the Entomological Society of America},
mendeley-groups = {FLUFLUX Model},
number = {3},
pages = {237--240},
title = {{Some Demographic and Genetic Consequences of Environmental Heterogeneity for Biological Control}},
volume = {15},
year = {1969}
}


@article{Talluto2017,
author = {Talluto, Matthew V. and Boulangeat, Isabelle and Vissault, Steve and Thuiller, Wilfried and Gravel, Dominique},
doi = {10.1038/s41559-017-0182},
file = {:Users/mtalluto/work/Mendeley/Talluto et al.{\_}2017.pdf:pdf},
issn = {2397-334X},
journal = {Nature Ecology {\&} Evolution},
mendeley-groups = {FLUFLUX Model},
number = {7},
title = {{Extinction debt and colonization credit delay range shifts of eastern North American trees}},
volume = {1},
year = {2017}
}
